<?xml version="1.0" encoding="UTF-8"?><record xmlns="http://www.loc.gov/MARC21/slim" xmlns:cinclude="http://apache.org/cocoon/include/1.0" xmlns:zs="http://www.loc.gov/zing/srw/">
  <leader>00482nz  a2200133n  4500</leader>
  <controlfield tag="001">no2007070482</controlfield>
  <controlfield tag="003">DLC</controlfield>
  <controlfield tag="005">20070627075157.0</controlfield>
  <controlfield tag="008">070625n| acannaabn          |n ana     c</controlfield>
  <datafield tag="010" ind1=" " ind2=" ">
    <subfield code="a">no2007070482</subfield>
  </datafield>
  <datafield tag="035" ind1=" " ind2=" ">
    <subfield code="a">(OCoLC)oca07446345</subfield>
  </datafield>
  <datafield tag="040" ind1=" " ind2=" ">
    <subfield code="a">WU</subfield>
    <subfield code="b">eng</subfield>
    <subfield code="c">WU</subfield>
  </datafield>
  <datafield tag="110" ind1="1" ind2=" ">
    <subfield code="a">Lincoln County (Wis.).</subfield>
    <subfield code="b">Farmland Preservation Technical Advisory Committee</subfield>
  </datafield>
  <datafield tag="670" ind1=" " ind2=" ">
    <subfield code="a">Geiger, T. Lincoln County farmland preservation plan, 1982:</subfield>
    <subfield code="b">t.p. (Lincoln County Farmland Preservation Technical Advisory Committee)</subfield>
  </datafield>
</record>